@misc{rosinol2020kimera,
      title={Kimera: an Open-Source Library for Real-Time Metric-Semantic Localization and Mapping}, 
      author={Antoni Rosinol and Marcus Abate and Yun Chang and Luca Carlone},
      year={2020},
      eprint={1910.02490},
      archivePrefix={arXiv},
      primaryClass={cs.RO}
}
    @misc{gtsam,
  title = {{GTSAM} - Georgia Tech Smoothing and Mapping},
  author={F. Dellaert et al.},
  howpublished = {\url{https://gtsam.org/}},
  note = {Accessed: December 28, 2023},
}
    @misc{marchingCubesImage,
  title = {Marching cubes cases},
  author={Ryoshoru},
  howpublished = {%
    \url{https://de.wikipedia.org/wiki/Datei:MarchingCubesEdit.svg#globalusage}},  note = {Accessed: January 2,2024},
}

@article{Forster_2017,
   title={On-Manifold Preintegration for Real-Time Visual--Inertial Odometry},
   volume={33},
   ISSN={1941-0468},
   url={http://dx.doi.org/10.1109/TRO.2016.2597321},
   DOI={10.1109/tro.2016.2597321},
   number={1},
   journal={IEEE Transactions on Robotics},
   publisher={Institute of Electrical and Electronics Engineers (IEEE)},
   author={Forster, Christian and Carlone, Luca and Dellaert, Frank and Scaramuzza, Davide},
   year={2017},
   month=feb, 
   pages={1–21},
}

@inproceedings{lucas1981iterative,
  title={An iterative image registration technique with an application to stereo vision},
  author={Lucas, Bruce D and Kanade, Takeo},
  booktitle={IJCAI'81: 7th international joint conference on Artificial intelligence},
  volume={2},
  pages={674--679},
  year={1981}
}

@INPROCEEDINGS{Shi_tomasi,
  author={Jianbo Shi and Tomasi},
  booktitle={1994 Proceedings of IEEE Conference on Computer Vision and Pattern Recognition}, 
  title={Good features to track}, 
  year={1994},
  volume={},
  number={},
  pages={593-600},
  doi={10.1109/CVPR.1994.323794}}

  @ARTICLE{dbow2,
  author={G\'alvez-L\'opez, Dorian and Tard\'os, J. D.},
  journal={IEEE Transactions on Robotics},
  title={Bags of Binary Words for Fast Place Recognition in Image Sequences},
  year={2012},
  month={October},
  volume={28},
  number={5},
  pages={1188--1197},
  doi={10.1109/TRO.2012.2197158},
  ISSN={1552-3098}
}

    @ARTICLE{octomap,
  author = {Armin Hornung and Kai M. Wurm and Maren Bennewitz and Cyrill
  Stachniss and Wolfram Burgard},
  title = {{OctoMap}: An Efficient Probabilistic {3D} Mapping Framework Based
  on Octrees},
  journal = {Autonomous Robots},
  year = 2013,
  url = {https://octomap.github.io},
  doi = {10.1007/s10514-012-9321-0},
  note = {Software available at \url{https://octomap.github.io}}
}
    @ARTICLE{preint_lupton,
  author={Lupton, Todd and Sukkarieh, Salah},
  journal={IEEE Transactions on Robotics}, 
  title={Visual-Inertial-Aided Navigation for High-Dynamic Motion in Built Environments Without Initial Conditions}, 
  year={2012},
  volume={28},
  number={1},
  pages={61-76},
  doi={10.1109/TRO.2011.2170332}}
@INPROCEEDINGS{PCM,
  author={Mangelson, Joshua G. and Dominic, Derrick and Eustice, Ryan M. and Vasudevan, Ram},
  booktitle={2018 IEEE International Conference on Robotics and Automation (ICRA)}, 
  title={Pairwise Consistent Measurement Set Maximization for Robust Multi-Robot Map Merging}, 
  year={2018},
  volume={},
  number={},
  pages={2916-2923},
  doi={10.1109/ICRA.2018.8460217}}

  @ARTICLE{SGM,
  author={Hirschmuller, Heiko},
  journal={IEEE Transactions on Pattern Analysis and Machine Intelligence}, 
  title={Stereo Processing by Semiglobal Matching and Mutual Information}, 
  year={2008},
  volume={30},
  number={2},
  pages={328-341},
  doi={10.1109/TPAMI.2007.1166}}
  @ARTICLE{ORBSLAM3,

  author={Campos, Carlos and Elvira, Richard and Rodríguez, Juan J. Gómez and M. Montiel, José M. and D. Tardós, Juan},

  journal={IEEE Transactions on Robotics}, 

  title={ORB-SLAM3: An Accurate Open-Source Library for Visual, Visual–Inertial, and Multimap SLAM}, 

  year={2021},

  volume={37},

  number={6},

  pages={1874-1890},

  keywords={Simultaneous localization and mapping;Computer vision;Feature extraction;Inertial navigation;Robustness;Optimization;Computer vision;inertial navigation;simult- aneous localization and mapping},

  doi={10.1109/TRO.2021.3075644}}

  @misc{sun2018robust,
      title={Robust Stereo Visual Inertial Odometry for Fast Autonomous Flight}, 
      author={Ke Sun and Kartik Mohta and Bernd Pfrommer and Michael Watterson and Sikang Liu and Yash Mulgaonkar and Camillo J. Taylor and Vijay Kumar},
      year={2018},
      eprint={1712.00036},
      archivePrefix={arXiv},
      primaryClass={cs.RO}
}

    @INPROCEEDINGS{MSCKF,

  author={Mourikis, Anastasios I. and Roumeliotis, Stergios I.},

  booktitle={Proceedings 2007 IEEE International Conference on Robotics and Automation}, 

  title={A Multi-State Constraint Kalman Filter for Vision-aided Inertial Navigation}, 

  year={2007},

  volume={},

  number={},

  pages={3565-3572},

  keywords={Inertial navigation;Cameras;Simultaneous localization and mapping;Computational complexity;Solid modeling;Position measurement;Vectors;Large-scale systems;Motion measurement;Motion estimation},

  doi={10.1109/ROBOT.2007.364024}}
@misc{leutenegger2022okvis2,
      title={OKVIS2: Realtime Scalable Visual-Inertial SLAM with Loop Closure}, 
      author={Stefan Leutenegger},
      year={2022},
      eprint={2202.09199},
      archivePrefix={arXiv},
      primaryClass={eess.IV}
}

    @misc{murez2020atlas,
      title={Atlas: End-to-End 3D Scene Reconstruction from Posed Images}, 
      author={Zak Murez and Tarrence van As and James Bartolozzi and Ayan Sinha and Vijay Badrinarayanan and Andrew Rabinovich},
      year={2020},
      eprint={2003.10432},
      archivePrefix={arXiv},
      primaryClass={cs.CV}
}
@Conference{Geneva2020ICRA,
  Title      = {{OpenVINS}: A Research Platform for Visual-Inertial Estimation},
  Author     = {Patrick Geneva and Kevin Eckenhoff and Woosik Lee and Yulin Yang and Guoquan Huang},
  Booktitle  = {Proc. of the IEEE International Conference on Robotics and Automation},
  Year       = {2020},
  Address    = {Paris, France},
  Url        = {\url{https://github.com/rpng/open_vins}}
}

    
@misc{qin2019b,
  Author = {Tong Qin and Shaozu Cao and Jie Pan and Shaojie Shen},
  Title = {A General Optimization-based Framework for Global Pose Estimation with Multiple Sensors},
  Year = {2019},
  Eprint = {arXiv:1901.03642}
}
